<?xml version="1.0" encoding="UTF-8"?><collection xmlns="http://www.loc.gov/MARC21/slim"><record><leader>00517nam--2200193-i-4500</leader><controlfield tag="001">000045111</controlfield><controlfield tag="002">20161230</controlfield><controlfield tag="005">20161230201044</controlfield><controlfield tag="008">060222s1000------------r-----000-0-rum-d</controlfield><datafield ind1=" " ind2=" " tag="040"><subfield code="a">IFIN-HH</subfield></datafield><datafield ind1=" " ind2=" " tag="041"><subfield code="a">rum</subfield></datafield><datafield ind1=" " ind2=" " tag="080"><subfield code="a">92</subfield></datafield><datafield ind1="1" ind2=" " tag="110"><subfield code="a">Biblioteca Academiei Rpr</subfield></datafield><datafield ind1="1" ind2="0" tag="245"><subfield code="a">Traian lalescu (1882-1929)</subfield><subfield code="b">Studiu introductiv de conf. a.halanay</subfield></datafield><datafield ind1=" " ind2=" " tag="260"><subfield code="a">Bucuresti</subfield><subfield code="b">Editura Academiei Rpr</subfield><subfield code="c">1955</subfield></datafield><datafield ind1=" " ind2=" " tag="300"><subfield code="a">47P</subfield></datafield><datafield ind1=" " ind2=" " tag="490"><subfield code="a">Seria De Bio-bibliografie</subfield></datafield><datafield ind1=" " ind2=" " tag="852"><subfield code="a">40839</subfield><subfield code="c">H.H</subfield></datafield><datafield ind1=" " ind2=" " tag="CAT"><subfield code="a">Sys</subfield><subfield code="c">20130402</subfield><subfield code="h">110536</subfield></datafield></record></collection>